@book{pmbok,
	Author = {Project Management Institute - PMI},
	Title = {Um Guia do Conhecimento em Gerenciamento de Projetos (Guia PMBOK)},
	Year = {2013},
	Pages = {595},
}

@article{bianco,
	Title = {Estrutura Analítica de Riscos em Projetos de Desenvolvimento de Software no Setor Bancário: Um Estudo Exploratório},
	Author = {Marco Alexandre Terlizzi and César Augusto Biancolino},
	Year = {2014},
	Pages = {28}
}

@article{carlo,
	Title = {Estudo do biodiesel como fonte de energia em geradores diesel no horário de ponta},
	Author = {Carlo Alessandro Castellanelli and Flavio Dias Mayer and Marcio Castellanelli and Ronaldo Hoffmann},
	Year = {2008},
	Address = {Universidade de Santa Maria - UFSM}
}

@article{regina,
	Title = {Biodiesel de soja - reação de transesterificação para aulas práticas de química orgânica},
	Author = {Regina M. Geris dos Santos, Isabelle de Souza Maia and Nádia Alessandra C and dos Santos and Bruno Andrade Amaral and Vinicius Dourado Castro and José Roque Mota Carvalho},
	Year = {2007},
	Address = {Departamento de Química Orgânica da Universidade Federal da Bahia - Salvador}
}

@article{ideal,
	Title = {Cartilha Educativa: Eletricidade Solar},
	Author = {INSTITUTO PARA O DESENVOLVIMENTO DE ENERGIAS ALTERNATIVAS NA AMÉRICA LATINA- IDEAL},
	Year = {2015},
}

@online{critical,
	Title = {Biodiesel Fuel and Generators},
	Author = {Critical Power},
	url = "http://www.criticalpower.com/biodiesel-fuel-and-generators/",
	Year = {2017},
}

@manual{ntd609,
	Month = mar,
	Org-Short = {ANEEL},
	Organization = {Agência Nacional de Energia Elétrica},
	Subtitle = {Resolução Normativa ANEEL nº 482/2012},
	Title = {Norma Técnica de Distribuição NTD- 6.09},
	Year = 2012
}

@book{InnoDB,
	author = "MySQL Reference Manual"
}

@online{baguete,
	author = {R. Martini},
	year = "2017",
	url = "http://www.baguete.com.br/colunas/ramiro-martini/27/09/2016/principais-solucoes-e-tipos-de-armazenamento-de-dados-para-empresas"
}

@online{anyconsulting,
	author = "AnyConsulting",
	year = "2017",
	url = "http://www.baguete.com.br/colunas/ramiro-martini/27/09/2016/principais-solucoes-e-tipos-de-armazenamento-de-dados-para-empresashttp://www.anyconsulting.com.br/tipos-de-servidores-para-sua-empresa/
"
}

@article{SGBD,
	author={R. S. Carvalho and L. A. M. Mattos},
	Title={Estudo Comparativo dos Sistemas Gerenciadores de Bancos de Dados: Oracle, SQL Server e PostgreSQL},
	Editor={Departamento de ciências da computação.},
	Address={FACICS - MG}
	
}

@online{microsoft1,
	author="Microsoft",
	year="2017",
	url="https://msdn.microsoft.com/pt-br/library/ms187752.aspx"
}

